@book{notes,
  author = {Morten Hjorth-Jensen},
  year = {2015},
  title = {Computational Physics, Lecture Notes Fall 2015},
  publisher = {Department of Physics, University of Oslo}
}

@book{stats,
  author = {Anders Malthe-Sorenssen},
  year = {2016},
  title = {Elementary Thermal and Statistical Physics Using Python},
  publisher = {Department of Physics, University of Oslo}
}